@article{lancichinetti2009community,
  title={Community detection algorithms: a comparative analysis},
  author={Lancichinetti, Andrea and Fortunato, Santo},
  journal={Physical review E},
  volume={80},
  number={5},
  pages={056117},
  year={2009},
  publisher={APS}
}

@article{fortunato2016community,
  title={Community detection in networks: A user guide},
  author={Fortunato, Santo and Hric, Darko},
  journal={Physics reports},
  volume={659},
  pages={1--44},
  year={2016},
  publisher={Elsevier}
}

@book{nakic_pavcevic_2019, 
  place={Zagreb, Croatia}, 
  title={Uvodna poglavlja u teoriju grafova}, 
  publisher={UNIZG-FER}, 
  author={Nakić, Anamari and Pavčević, Mario Osvin}, 
  year={2019}
} 

@article{luce1949method,
	title={A method of matrix analysis of group structure},
	author={Luce, R Duncan and Perry, Albert D},
	journal={Psychometrika},
	volume={14},
	number={2},
	pages={95--116},
	year={1949},
	publisher={Springer}
}

@article{fortunato2010community,
	title={Community detection in graphs},
	author={Fortunato, Santo},
	journal={Physics reports},
	volume={486},
	number={3-5},
	pages={75--174},
	year={2010},
	publisher={Elsevier}
}